@misc{cened2025,
  title        = {{Database CENED+2 - Certificazione ENergetica degli EDifici}},
  author       = {{Regione Lombardia}},
  year         = {2025},
  howpublished = {\url{https://www.dati.lombardia.it/Energia/Database-CENED-2-Certificazione-ENergetica-degli-E/bbky-sde5}},
  note         = {Accessed: 2025-03-25}
}

@misc{gse_cabine_primarie,
  title        = {{Mappa Interattiva delle Cabine Primarie}},
  author       = {{Gestore dei Servizi Energetici (GSE)}},
  year         = {2025},
  howpublished = {\url{https://www.gse.it/servizi-per-te/autoconsumo/mappa-interattiva-delle-cabine-primarie}},
  note         = {Accessed: 2025-04-14}
}

@misc{portaleconsumi_energia_domestica,
  title        = {{Electricity residential demand}},
  author       = {{Acquirente Unico S.p.A.}},
  year         = {2025},
  howpublished = {\url{https://www.consumienergia.it/portaleConsumi/it/energia-elettrica-utenze-domestiche.page}},
  note         = {Accessed: 2025-04-14}
}

@misc{PVGIS,
  author       = {{Joint Research Centre}},
  title        = {{Photovoltaic Geographical Information System (PVGIS)}},
  year         = {2025},
  howpublished = {\url{https://re.jrc.ec.europa.eu/pvg_tools/en/}},
  note         = {Accessed: 2025-04-16},
  institution  = {European Commission},
}

@misc{Nominatim,
  author       = {{OpenStreetMap Contributors}},
  title        = {{Nominatim Search Tool}},
  year         = {2025},
  howpublished = {\url{https://nominatim.openstreetmap.org/ui/search.html}},
  note         = {Accessed: 2025-04-16},
  institution  = {OpenStreetMap Foundation},
}


